<?xml version="1.0" encoding="UTF-8"?><collection xmlns="http://www.loc.gov/MARC21/slim"><record><leader>00499nam--2200193-u-4500</leader><controlfield tag="001">000056404</controlfield><controlfield tag="002">20161230</controlfield><controlfield tag="005">20170107173910</controlfield><controlfield tag="008">150813s1000------------r-----000-0-rus-d</controlfield><datafield ind1=" " ind2=" " tag="040"><subfield code="a">IFIN-HH</subfield></datafield><datafield ind1=" " ind2=" " tag="041"><subfield code="a">rus</subfield></datafield><datafield ind1=" " ind2=" " tag="080"><subfield code="a">53.001.6(47)</subfield></datafield><datafield ind1="1" ind2=" " tag="110"><subfield code="a">Akademia Nauk SSSR</subfield></datafield><datafield ind1="1" ind2="0" tag="245"><subfield code="a">Razvitie fiziki v SSSR b dvuh knigah kniga pervaia</subfield></datafield><datafield ind1=" " ind2=" " tag="260"><subfield code="a">Moskva</subfield><subfield code="b">Nauka</subfield><subfield code="c">1967</subfield></datafield><datafield ind1=" " ind2=" " tag="300"><subfield code="a">448 p</subfield></datafield><datafield ind1=" " ind2=" " tag="490"><subfield code="a">Sovetskaia Nauka I Tehnika Za 50 Let</subfield></datafield><datafield ind1=" " ind2=" " tag="852"><subfield code="a">76756</subfield><subfield code="c">53</subfield></datafield><datafield ind1=" " ind2=" " tag="CAT"><subfield code="a">SYS</subfield><subfield code="c">20170107</subfield><subfield code="h">173910</subfield></datafield></record></collection>